%% This BibTeX bibliography file was created using BibDesk.
%% http://bibdesk.sourceforge.net/


%% Created for Brent Seidel at 2024-07-14 15:03:09 -0700 


%% Saved with string encoding Western (ASCII) 



@article{MT19937,
	author = {Makoto Matsumoto and Takuji Mishimura},
	date-added = {2024-07-14 14:59:52 -0700},
	date-modified = {2024-07-14 15:02:44 -0700},
	journal = {ACM Transactions on Modeling and Computer Simulation (TOMACS)},
	keywords = {Random},
	month = {January},
	number = {1},
	pages = {3-30},
	title = {Mersenne twister: a 623-dimensionally equidistributed uniform pseudo-random number generator},
	volume = {8},
	year = {1998}}

@book{PA,
	author = {J.G.P. Barnes},
	date-added = {2024-07-10 15:57:33 -0700},
	date-modified = {2024-07-10 15:59:07 -0700},
	keywords = {Ada95},
	publisher = {Addison-Wesley Publishing Company},
	title = {Programming in Ada plus Language Reference Manual},
	year = {1991}}

@book{NR-C,
	author = {William H. Press and Saul A. Teukolsky and William T. Vetterling and Brian P. Flannery},
	date-added = {2024-07-10 15:54:52 -0700},
	date-modified = {2024-07-14 15:03:06 -0700},
	editon = {2nd},
	keywords = {Numerical},
	publisher = {Cambridge University Press},
	title = {Numerical Recipes in C: The Art of Scientific Computing},
	year = {1992}}

@book{NA3rd,
	author = {Richard L. Burden and J. Douglas Faires},
	date-added = {2024-07-10 15:51:09 -0700},
	date-modified = {2024-07-14 15:02:58 -0700},
	edition = {3rd},
	keywords = {Numerical},
	publisher = {Prindle, Weber \& Schmidt},
	title = {Numerical Analysis},
	year = {1985}}
